% If this doesn't work change to @misc
@online{Panorama,
	title={Panorama},
	publisher={Encyclopedia Britannica},
	url={https://www.britannica.com/art/panorama-visual-arts},
	date={2018-03-22}
}
@online{OhioStitching,
	title={Cincinnati Panorama of 1848},
	url={https://www.ohiomemory.org/digital/collection/p267401coll36/id/4168},
	author={Ohio History Connection}
}
@online{iPhoneStitch,
	title={The iPhone 5â€™s badass camera: 40\% faster photo capture, panorama mode, \& more},
	author={Tom Cheredar},
	url={https://venturebeat.com/2012/09/12/iphone-5-camera/},
	year=2012,
	urldate={2012-09-12}
}
@book{OpenDroneMapTheMissingGuide,
    author    = "Piero Toffanin",
    title     = "OpenDroneMap: The Missing Guide",
    publisher = "UAV4GEO",
    year      = "2019",
    edition   = "first"
}
@article{brown2007automatic,
  title={Automatic panoramic image stitching using invariant features},
  author={Brown, Matthew and Lowe, David G},
  journal={International journal of computer vision},
  volume={74},
  number={1},
  pages={59--73},
  year={2007},
  publisher={Springer}
}
@InProceedings{Sarlin_2020_CVPR,
	author = {Sarlin, Paul-Edouard and DeTone, Daniel and Malisiewicz, Tomasz and Rabinovich, Andrew},
	title = {SuperGlue: Learning Feature Matching With Graph Neural Networks},
	booktitle = {Proceedings of the IEEE/CVF Conference on Computer Vision and Pattern Recognition (CVPR)},
	month = {June},
	year = {2020}
}
